<marc:record xmlns:marc="http://www.loc.gov/MARC21/slim"><marc:leader>00465nam a22001450a 45 0</marc:leader><marc:controlfield tag="001">307479</marc:controlfield><marc:controlfield tag="003">NL-AMISG</marc:controlfield><marc:controlfield tag="005">19950210234845.0</marc:controlfield><marc:controlfield tag="008">199502suuuuuuuu||||||||||||||||||||||| d</marc:controlfield><marc:datafield ind1=" " ind2=" " tag="035"><marc:subfield code="a">(IISG)IISGb10048385</marc:subfield></marc:datafield><marc:datafield ind1=" " ind2=" " tag="040"><marc:subfield code="a">NL-AmISG</marc:subfield></marc:datafield><marc:datafield ind1="1" ind2=" " tag="100"><marc:subfield code="a">Bandoni, G.</marc:subfield></marc:datafield><marc:datafield ind1="1" ind2="2" tag="245"><marc:subfield code="a">I lamenti dell'emigrato italiano. Bozzetto poetico popolare. Declamato dall' autore in occasione del primo maggio 1905.</marc:subfield></marc:datafield><marc:datafield ind1=" " ind2=" " tag="260"><marc:subfield code="a">S.l. :</marc:subfield><marc:subfield code="b">La Patria,</marc:subfield><marc:subfield code="c">1905.</marc:subfield></marc:datafield><marc:datafield ind1=" " ind2=" " tag="300"><marc:subfield code="a">15 p.</marc:subfield></marc:datafield><marc:datafield ind1=" " ind2=" " tag="690"><marc:subfield code="a">Bro An 510</marc:subfield><marc:subfield code="b">Anarchism; Italy; literary works</marc:subfield><marc:subfield code="c">Anarchisme; Italië; belletrie.</marc:subfield></marc:datafield><marc:datafield ind1=" " ind2=" " tag="852"><marc:subfield code="a">IISG</marc:subfield><marc:subfield code="b">IISG</marc:subfield><marc:subfield code="c">IISG</marc:subfield><marc:subfield code="j">Bro An 510/325</marc:subfield><marc:subfield code="p">N10047893</marc:subfield></marc:datafield><marc:datafield ind1=" " ind2=" " tag="901"><marc:subfield code="a">307479</marc:subfield><marc:subfield code="b">Unknown</marc:subfield><marc:subfield code="c">307479</marc:subfield><marc:subfield code="t">biblio</marc:subfield></marc:datafield><marc:datafield ind1=" " ind2=" " tag="902"><marc:subfield code="a">10622/B33C1819-BB07-4A85-B9FB-0689CFDFF786</marc:subfield></marc:datafield></marc:record>